@article{MELTActivity,
  title={Sequential multisite phospho-regulation of {KNL1-BUB3} interfaces at mitotic kinetochores},
  author={Vleugel, Mathijs and Omerzu, Manja and Groenewold, Vincent and Hadders, Michael A and Lens, Susanne MA and Kops, Geert JPL},
  journal={Molecular Cell},
  volume={57},
  number={5},
  pages={824--835},
  year={2015}
}

@article{UnstructuredKNL1,
  title={{KNL1}: bringing order to the kinetochore},
  author={Caldas, Gina V and DeLuca, Jennifer G},
  journal={Chromosoma},
  volume={123},
  number={3},
  pages={169--181},
  year={2014}
}

@article{PhaseContrastHalo,
  title={Artifact halo reduction in phase contrast microscopy using apodization},
  author={Otaki, Tatsuro},
  journal={Optical Review},
  volume={7},
  number={2},
  pages={119--122},
  year={2000}
}

@article{eSAC,
  title={Ectopic activation of the spindle assembly checkpoint signaling cascade reveals its biochemical design},
  author={Chen, Chu and Whitney, Ian P and Banerjee, Anand and Sacristan, Carlos and Sekhri, Palak and Kern, David M and Fontan, Adrienne and Kops, Geert JPL and Tyson, John J and Cheeseman, Iain M and others},
  journal={Current Biology},
  volume={29},
  number={1},
  pages={104--119},
  year={2019}
}